%YAML 1.1
%TAG !u! tag:unity3d.com,2011:
--- !u!1 &4524207041431806193
GameObject:
  m_ObjectHideFlags: 0
  m_CorrespondingSourceObject: {fileID: 0}
  m_PrefabInstance: {fileID: 0}
  m_PrefabAsset: {fileID: 0}
  serializedVersion: 6
  m_Component:
  - component: {fileID: 4524207041431806206}
  - component: {fileID: 4524207041431806207}
  - component: {fileID: 4524207041431806192}
  m_Layer: 0
  m_Name: GameObject
  m_TagString: Untagged
  m_Icon: {fileID: 0}
  m_NavMeshLayer: 0
  m_StaticEditorFlags: 0
  m_IsActive: 1
--- !u!4 &4524207041431806206
Transform:
  m_ObjectHideFlags: 0
  m_CorrespondingSourceObject: {fileID: 0}
  m_PrefabInstance: {fileID: 0}
  m_PrefabAsset: {fileID: 0}
  m_GameObject: {fileID: 4524207041431806193}
  m_LocalRotation: {x: 0, y: 0, z: 0, w: 1}
  m_LocalPosition: {x: 11.099577, y: 22.71, z: -7.67944}
  m_LocalScale: {x: 1, y: 1, z: 1}
  m_Children:
  - {fileID: 4524207040635641243}
  - {fileID: 4524207041181804818}
  - {fileID: 4524207039545343380}
  - {fileID: 4524207040344018362}
  - {fileID: 4524207039997338108}
  - {fileID: 4524207040042545462}
  m_Father: {fileID: 0}
  m_RootOrder: 0
  m_LocalEulerAnglesHint: {x: 0, y: 0, z: 0}
--- !u!65 &4524207041431806207
BoxCollider:
  m_ObjectHideFlags: 0
  m_CorrespondingSourceObject: {fileID: 0}
  m_PrefabInstance: {fileID: 0}
  m_PrefabAsset: {fileID: 0}
  m_GameObject: {fileID: 4524207041431806193}
  m_Material: {fileID: 13400000, guid: 52baaeb214519f347a35cf0edfd262ff, type: 2}
  m_IsTrigger: 0
  m_Enabled: 1
  serializedVersion: 2
  m_Size: {x: 1, y: 1, z: 1}
  m_Center: {x: 4, y: 1, z: 1.5}
--- !u!54 &4524207041431806192
Rigidbody:
  m_ObjectHideFlags: 0
  m_CorrespondingSourceObject: {fileID: 0}
  m_PrefabInstance: {fileID: 0}
  m_PrefabAsset: {fileID: 0}
  m_GameObject: {fileID: 4524207041431806193}
  serializedVersion: 2
  m_Mass: 1000
  m_Drag: 0.02
  m_AngularDrag: 0.05
  m_UseGravity: 1
  m_IsKinematic: 0
  m_Interpolate: 0
  m_Constraints: 0
  m_CollisionDetection: 0
--- !u!1001 &245083706183372965
PrefabInstance:
  m_ObjectHideFlags: 0
  serializedVersion: 2
  m_Modification:
    m_TransformParent: {fileID: 4524207041431806206}
    m_Modifications:
    - target: {fileID: 4444912095620570398, guid: 9aa23108f24edbb4381c25ce091348e2,
        type: 3}
      propertyPath: m_Name
      value: Quad (3)
      objectReference: {fileID: 0}
    - target: {fileID: 4444912095620570399, guid: 9aa23108f24edbb4381c25ce091348e2,
        type: 3}
      propertyPath: m_LocalPosition.x
      value: 4
      objectReference: {fileID: 0}
    - target: {fileID: 4444912095620570399, guid: 9aa23108f24edbb4381c25ce091348e2,
        type: 3}
      propertyPath: m_LocalPosition.y
      value: 1.5
      objectReference: {fileID: 0}
    - target: {fileID: 4444912095620570399, guid: 9aa23108f24edbb4381c25ce091348e2,
        type: 3}
      propertyPath: m_LocalPosition.z
      value: 1.5
      objectReference: {fileID: 0}
    - target: {fileID: 4444912095620570399, guid: 9aa23108f24edbb4381c25ce091348e2,
        type: 3}
      propertyPath: m_LocalRotation.x
      value: 0.7071068
      objectReference: {fileID: 0}
    - target: {fileID: 4444912095620570399, guid: 9aa23108f24edbb4381c25ce091348e2,
        type: 3}
      propertyPath: m_LocalRotation.y
      value: 0
      objectReference: {fileID: 0}
    - target: {fileID: 4444912095620570399, guid: 9aa23108f24edbb4381c25ce091348e2,
        type: 3}
      propertyPath: m_LocalRotation.z
      value: 0
      objectReference: {fileID: 0}
    - target: {fileID: 4444912095620570399, guid: 9aa23108f24edbb4381c25ce091348e2,
        type: 3}
      propertyPath: m_LocalRotation.w
      value: 0.7071068
      objectReference: {fileID: 0}
    - target: {fileID: 4444912095620570399, guid: 9aa23108f24edbb4381c25ce091348e2,
        type: 3}
      propertyPath: m_RootOrder
      value: 3
      objectReference: {fileID: 0}
    - target: {fileID: 4444912095620570399, guid: 9aa23108f24edbb4381c25ce091348e2,
        type: 3}
      propertyPath: m_LocalEulerAnglesHint.x
      value: 90
      objectReference: {fileID: 0}
    - target: {fileID: 4444912095620570399, guid: 9aa23108f24edbb4381c25ce091348e2,
        type: 3}
      propertyPath: m_LocalEulerAnglesHint.y
      value: 0
      objectReference: {fileID: 0}
    - target: {fileID: 4444912095620570399, guid: 9aa23108f24edbb4381c25ce091348e2,
        type: 3}
      propertyPath: m_LocalEulerAnglesHint.z
      value: 0
      objectReference: {fileID: 0}
    m_RemovedComponents: []
  m_SourcePrefab: {fileID: 100100000, guid: 9aa23108f24edbb4381c25ce091348e2, type: 3}
--- !u!4 &4524207040344018362 stripped
Transform:
  m_CorrespondingSourceObject: {fileID: 4444912095620570399, guid: 9aa23108f24edbb4381c25ce091348e2,
    type: 3}
  m_PrefabInstance: {fileID: 245083706183372965}
  m_PrefabAsset: {fileID: 0}
--- !u!1001 &1714394571500498703
PrefabInstance:
  m_ObjectHideFlags: 0
  serializedVersion: 2
  m_Modification:
    m_TransformParent: {fileID: 4524207041431806206}
    m_Modifications:
    - target: {fileID: 2955476889647370906, guid: 78656d720e601ad44a29e3798ca3ec7c,
        type: 3}
      propertyPath: m_Name
      value: Quad (2)
      objectReference: {fileID: 0}
    - target: {fileID: 2955476889647370907, guid: 78656d720e601ad44a29e3798ca3ec7c,
        type: 3}
      propertyPath: m_LocalPosition.x
      value: 4.5
      objectReference: {fileID: 0}
    - target: {fileID: 2955476889647370907, guid: 78656d720e601ad44a29e3798ca3ec7c,
        type: 3}
      propertyPath: m_LocalPosition.y
      value: 1
      objectReference: {fileID: 0}
    - target: {fileID: 2955476889647370907, guid: 78656d720e601ad44a29e3798ca3ec7c,
        type: 3}
      propertyPath: m_LocalPosition.z
      value: 1.5
      objectReference: {fileID: 0}
    - target: {fileID: 2955476889647370907, guid: 78656d720e601ad44a29e3798ca3ec7c,
        type: 3}
      propertyPath: m_LocalRotation.x
      value: 0
      objectReference: {fileID: 0}
    - target: {fileID: 2955476889647370907, guid: 78656d720e601ad44a29e3798ca3ec7c,
        type: 3}
      propertyPath: m_LocalRotation.y
      value: 0.7071068
      objectReference: {fileID: 0}
    - target: {fileID: 2955476889647370907, guid: 78656d720e601ad44a29e3798ca3ec7c,
        type: 3}
      propertyPath: m_LocalRotation.z
      value: -0
      objectReference: {fileID: 0}
    - target: {fileID: 2955476889647370907, guid: 78656d720e601ad44a29e3798ca3ec7c,
        type: 3}
      propertyPath: m_LocalRotation.w
      value: -0.7071068
      objectReference: {fileID: 0}
    - target: {fileID: 2955476889647370907, guid: 78656d720e601ad44a29e3798ca3ec7c,
        type: 3}
      propertyPath: m_RootOrder
      value: 2
      objectReference: {fileID: 0}
    - target: {fileID: 2955476889647370907, guid: 78656d720e601ad44a29e3798ca3ec7c,
        type: 3}
      propertyPath: m_LocalEulerAnglesHint.x
      value: 0
      objectReference: {fileID: 0}
    - target: {fileID: 2955476889647370907, guid: 78656d720e601ad44a29e3798ca3ec7c,
        type: 3}
      propertyPath: m_LocalEulerAnglesHint.y
      value: 270
      objectReference: {fileID: 0}
    - target: {fileID: 2955476889647370907, guid: 78656d720e601ad44a29e3798ca3ec7c,
        type: 3}
      propertyPath: m_LocalEulerAnglesHint.z
      value: 0
      objectReference: {fileID: 0}
    m_RemovedComponents: []
  m_SourcePrefab: {fileID: 100100000, guid: 78656d720e601ad44a29e3798ca3ec7c, type: 3}
--- !u!4 &4524207039545343380 stripped
Transform:
  m_CorrespondingSourceObject: {fileID: 2955476889647370907, guid: 78656d720e601ad44a29e3798ca3ec7c,
    type: 3}
  m_PrefabInstance: {fileID: 1714394571500498703}
  m_PrefabAsset: {fileID: 0}
--- !u!1001 &2305647211953937603
PrefabInstance:
  m_ObjectHideFlags: 0
  serializedVersion: 2
  m_Modification:
    m_TransformParent: {fileID: 4524207041431806206}
    m_Modifications:
    - target: {fileID: 2393236287274008920, guid: 8ff87727b2325c74e85be79809e78fbd,
        type: 3}
      propertyPath: m_LocalPosition.x
      value: 4
      objectReference: {fileID: 0}
    - target: {fileID: 2393236287274008920, guid: 8ff87727b2325c74e85be79809e78fbd,
        type: 3}
      propertyPath: m_LocalPosition.y
      value: 1
      objectReference: {fileID: 0}
    - target: {fileID: 2393236287274008920, guid: 8ff87727b2325c74e85be79809e78fbd,
        type: 3}
      propertyPath: m_LocalPosition.z
      value: 1
      objectReference: {fileID: 0}
    - target: {fileID: 2393236287274008920, guid: 8ff87727b2325c74e85be79809e78fbd,
        type: 3}
      propertyPath: m_LocalRotation.x
      value: -0
      objectReference: {fileID: 0}
    - target: {fileID: 2393236287274008920, guid: 8ff87727b2325c74e85be79809e78fbd,
        type: 3}
      propertyPath: m_LocalRotation.y
      value: -0
      objectReference: {fileID: 0}
    - target: {fileID: 2393236287274008920, guid: 8ff87727b2325c74e85be79809e78fbd,
        type: 3}
      propertyPath: m_LocalRotation.z
      value: -0
      objectReference: {fileID: 0}
    - target: {fileID: 2393236287274008920, guid: 8ff87727b2325c74e85be79809e78fbd,
        type: 3}
      propertyPath: m_LocalRotation.w
      value: 1
      objectReference: {fileID: 0}
    - target: {fileID: 2393236287274008920, guid: 8ff87727b2325c74e85be79809e78fbd,
        type: 3}
      propertyPath: m_RootOrder
      value: 0
      objectReference: {fileID: 0}
    - target: {fileID: 2393236287274008920, guid: 8ff87727b2325c74e85be79809e78fbd,
        type: 3}
      propertyPath: m_LocalEulerAnglesHint.x
      value: 0
      objectReference: {fileID: 0}
    - target: {fileID: 2393236287274008920, guid: 8ff87727b2325c74e85be79809e78fbd,
        type: 3}
      propertyPath: m_LocalEulerAnglesHint.y
      value: 0
      objectReference: {fileID: 0}
    - target: {fileID: 2393236287274008920, guid: 8ff87727b2325c74e85be79809e78fbd,
        type: 3}
      propertyPath: m_LocalEulerAnglesHint.z
      value: 0
      objectReference: {fileID: 0}
    - target: {fileID: 2393236287274008927, guid: 8ff87727b2325c74e85be79809e78fbd,
        type: 3}
      propertyPath: m_Name
      value: Quad
      objectReference: {fileID: 0}
    m_RemovedComponents: []
  m_SourcePrefab: {fileID: 100100000, guid: 8ff87727b2325c74e85be79809e78fbd, type: 3}
--- !u!4 &4524207040635641243 stripped
Transform:
  m_CorrespondingSourceObject: {fileID: 2393236287274008920, guid: 8ff87727b2325c74e85be79809e78fbd,
    type: 3}
  m_PrefabInstance: {fileID: 2305647211953937603}
  m_PrefabAsset: {fileID: 0}
--- !u!1001 &8080248614232122065
PrefabInstance:
  m_ObjectHideFlags: 0
  serializedVersion: 2
  m_Modification:
    m_TransformParent: {fileID: 4524207041431806206}
    m_Modifications:
    - target: {fileID: 5686912838445781990, guid: 175b57afa65c0fd419645c180068fade,
        type: 3}
      propertyPath: m_Name
      value: Quad (5)
      objectReference: {fileID: 0}
    - target: {fileID: 5686912838445781991, guid: 175b57afa65c0fd419645c180068fade,
        type: 3}
      propertyPath: m_LocalPosition.x
      value: 3.5
      objectReference: {fileID: 0}
    - target: {fileID: 5686912838445781991, guid: 175b57afa65c0fd419645c180068fade,
        type: 3}
      propertyPath: m_LocalPosition.y
      value: 1
      objectReference: {fileID: 0}
    - target: {fileID: 5686912838445781991, guid: 175b57afa65c0fd419645c180068fade,
        type: 3}
      propertyPath: m_LocalPosition.z
      value: 1.5
      objectReference: {fileID: 0}
    - target: {fileID: 5686912838445781991, guid: 175b57afa65c0fd419645c180068fade,
        type: 3}
      propertyPath: m_LocalRotation.x
      value: 0
      objectReference: {fileID: 0}
    - target: {fileID: 5686912838445781991, guid: 175b57afa65c0fd419645c180068fade,
        type: 3}
      propertyPath: m_LocalRotation.y
      value: 0.7071068
      objectReference: {fileID: 0}
    - target: {fileID: 5686912838445781991, guid: 175b57afa65c0fd419645c180068fade,
        type: 3}
      propertyPath: m_LocalRotation.z
      value: 0
      objectReference: {fileID: 0}
    - target: {fileID: 5686912838445781991, guid: 175b57afa65c0fd419645c180068fade,
        type: 3}
      propertyPath: m_LocalRotation.w
      value: 0.7071068
      objectReference: {fileID: 0}
    - target: {fileID: 5686912838445781991, guid: 175b57afa65c0fd419645c180068fade,
        type: 3}
      propertyPath: m_RootOrder
      value: 5
      objectReference: {fileID: 0}
    - target: {fileID: 5686912838445781991, guid: 175b57afa65c0fd419645c180068fade,
        type: 3}
      propertyPath: m_LocalEulerAnglesHint.x
      value: 0
      objectReference: {fileID: 0}
    - target: {fileID: 5686912838445781991, guid: 175b57afa65c0fd419645c180068fade,
        type: 3}
      propertyPath: m_LocalEulerAnglesHint.y
      value: 90
      objectReference: {fileID: 0}
    - target: {fileID: 5686912838445781991, guid: 175b57afa65c0fd419645c180068fade,
        type: 3}
      propertyPath: m_LocalEulerAnglesHint.z
      value: 0
      objectReference: {fileID: 0}
    m_RemovedComponents: []
  m_SourcePrefab: {fileID: 100100000, guid: 175b57afa65c0fd419645c180068fade, type: 3}
--- !u!4 &4524207040042545462 stripped
Transform:
  m_CorrespondingSourceObject: {fileID: 5686912838445781991, guid: 175b57afa65c0fd419645c180068fade,
    type: 3}
  m_PrefabInstance: {fileID: 8080248614232122065}
  m_PrefabAsset: {fileID: 0}
--- !u!1001 &8563837888906663524
PrefabInstance:
  m_ObjectHideFlags: 0
  serializedVersion: 2
  m_Modification:
    m_TransformParent: {fileID: 4524207041431806206}
    m_Modifications:
    - target: {fileID: 5193190757668126582, guid: 988bdc9ff230e614184cb88e18c8d19a,
        type: 3}
      propertyPath: m_LocalPosition.x
      value: 4
      objectReference: {fileID: 0}
    - target: {fileID: 5193190757668126582, guid: 988bdc9ff230e614184cb88e18c8d19a,
        type: 3}
      propertyPath: m_LocalPosition.y
      value: 1
      objectReference: {fileID: 0}
    - target: {fileID: 5193190757668126582, guid: 988bdc9ff230e614184cb88e18c8d19a,
        type: 3}
      propertyPath: m_LocalPosition.z
      value: 2
      objectReference: {fileID: 0}
    - target: {fileID: 5193190757668126582, guid: 988bdc9ff230e614184cb88e18c8d19a,
        type: 3}
      propertyPath: m_LocalRotation.x
      value: 0
      objectReference: {fileID: 0}
    - target: {fileID: 5193190757668126582, guid: 988bdc9ff230e614184cb88e18c8d19a,
        type: 3}
      propertyPath: m_LocalRotation.y
      value: 1
      objectReference: {fileID: 0}
    - target: {fileID: 5193190757668126582, guid: 988bdc9ff230e614184cb88e18c8d19a,
        type: 3}
      propertyPath: m_LocalRotation.z
      value: 0
      objectReference: {fileID: 0}
    - target: {fileID: 5193190757668126582, guid: 988bdc9ff230e614184cb88e18c8d19a,
        type: 3}
      propertyPath: m_LocalRotation.w
      value: 0
      objectReference: {fileID: 0}
    - target: {fileID: 5193190757668126582, guid: 988bdc9ff230e614184cb88e18c8d19a,
        type: 3}
      propertyPath: m_RootOrder
      value: 1
      objectReference: {fileID: 0}
    - target: {fileID: 5193190757668126582, guid: 988bdc9ff230e614184cb88e18c8d19a,
        type: 3}
      propertyPath: m_LocalEulerAnglesHint.x
      value: 0
      objectReference: {fileID: 0}
    - target: {fileID: 5193190757668126582, guid: 988bdc9ff230e614184cb88e18c8d19a,
        type: 3}
      propertyPath: m_LocalEulerAnglesHint.y
      value: 180
      objectReference: {fileID: 0}
    - target: {fileID: 5193190757668126582, guid: 988bdc9ff230e614184cb88e18c8d19a,
        type: 3}
      propertyPath: m_LocalEulerAnglesHint.z
      value: 0
      objectReference: {fileID: 0}
    - target: {fileID: 5193190757668126583, guid: 988bdc9ff230e614184cb88e18c8d19a,
        type: 3}
      propertyPath: m_Name
      value: Quad (1)
      objectReference: {fileID: 0}
    m_RemovedComponents: []
  m_SourcePrefab: {fileID: 100100000, guid: 988bdc9ff230e614184cb88e18c8d19a, type: 3}
--- !u!4 &4524207041181804818 stripped
Transform:
  m_CorrespondingSourceObject: {fileID: 5193190757668126582, guid: 988bdc9ff230e614184cb88e18c8d19a,
    type: 3}
  m_PrefabInstance: {fileID: 8563837888906663524}
  m_PrefabAsset: {fileID: 0}
--- !u!1001 &8684038791206370024
PrefabInstance:
  m_ObjectHideFlags: 0
  serializedVersion: 2
  m_Modification:
    m_TransformParent: {fileID: 4524207041431806206}
    m_Modifications:
    - target: {fileID: 5065090599205313300, guid: 5c25bf6aea0844c4497035c1c39250e5,
        type: 3}
      propertyPath: m_LocalPosition.x
      value: 4
      objectReference: {fileID: 0}
    - target: {fileID: 5065090599205313300, guid: 5c25bf6aea0844c4497035c1c39250e5,
        type: 3}
      propertyPath: m_LocalPosition.y
      value: 0.5
      objectReference: {fileID: 0}
    - target: {fileID: 5065090599205313300, guid: 5c25bf6aea0844c4497035c1c39250e5,
        type: 3}
      propertyPath: m_LocalPosition.z
      value: 1.5
      objectReference: {fileID: 0}
    - target: {fileID: 5065090599205313300, guid: 5c25bf6aea0844c4497035c1c39250e5,
        type: 3}
      propertyPath: m_LocalRotation.x
      value: 0.7071068
      objectReference: {fileID: 0}
    - target: {fileID: 5065090599205313300, guid: 5c25bf6aea0844c4497035c1c39250e5,
        type: 3}
      propertyPath: m_LocalRotation.y
      value: -0
      objectReference: {fileID: 0}
    - target: {fileID: 5065090599205313300, guid: 5c25bf6aea0844c4497035c1c39250e5,
        type: 3}
      propertyPath: m_LocalRotation.z
      value: -0
      objectReference: {fileID: 0}
    - target: {fileID: 5065090599205313300, guid: 5c25bf6aea0844c4497035c1c39250e5,
        type: 3}
      propertyPath: m_LocalRotation.w
      value: -0.7071068
      objectReference: {fileID: 0}
    - target: {fileID: 5065090599205313300, guid: 5c25bf6aea0844c4497035c1c39250e5,
        type: 3}
      propertyPath: m_RootOrder
      value: 4
      objectReference: {fileID: 0}
    - target: {fileID: 5065090599205313300, guid: 5c25bf6aea0844c4497035c1c39250e5,
        type: 3}
      propertyPath: m_LocalEulerAnglesHint.x
      value: 270
      objectReference: {fileID: 0}
    - target: {fileID: 5065090599205313300, guid: 5c25bf6aea0844c4497035c1c39250e5,
        type: 3}
      propertyPath: m_LocalEulerAnglesHint.y
      value: 0
      objectReference: {fileID: 0}
    - target: {fileID: 5065090599205313300, guid: 5c25bf6aea0844c4497035c1c39250e5,
        type: 3}
      propertyPath: m_LocalEulerAnglesHint.z
      value: 0
      objectReference: {fileID: 0}
    - target: {fileID: 5065090599205313301, guid: 5c25bf6aea0844c4497035c1c39250e5,
        type: 3}
      propertyPath: m_Name
      value: Quad (4)
      objectReference: {fileID: 0}
    m_RemovedComponents: []
  m_SourcePrefab: {fileID: 100100000, guid: 5c25bf6aea0844c4497035c1c39250e5, type: 3}
--- !u!4 &4524207039997338108 stripped
Transform:
  m_CorrespondingSourceObject: {fileID: 5065090599205313300, guid: 5c25bf6aea0844c4497035c1c39250e5,
    type: 3}
  m_PrefabInstance: {fileID: 8684038791206370024}
  m_PrefabAsset: {fileID: 0}
